@manual{lab11-manual,
    author = {Hui Hu},
    title = {PIV Measurements of the Unsteady Vortices in the Wake of An Airfoil},
    year = {2024},
    organization = {Iowa State University},
    url = {https://www.aere.iastate.edu/~huhui/teaching/2024-01S/AerE344/lab-instruction/AerE344L-Lab-11-instruction.pdf},
}
@online{hu2024,
    author = {Hui Hu},
    title = {Particle Image Velocimetry},
    year = {2024},
    url = {https://www.aere.iastate.edu/~huhui/teaching/2024-01S/AerE344/class-notes/AerE344-Lecture-11-Particle-image-velocimetry_CD-Nozzle.pdf}
}